@misc{si,
title = {The Sovereign Individual: Mastering the Transition to the Information Age},
author = {James Dale Davidson and William Rees-Mogg},
year = {1997},
publisher = {Macmillan}
}

@misc{tim,
    title={Internet is Dying},
    author={Tim Berners-Lee},
    note={[Online; accessed 5-Feb-2023]}
}

@article{Kshetri2014,
title={Data privacy and security risks of cloud computing for consumers},
author={Kshetri, J.},
journal={International Journal of Information Management},
volume={34},
number={6},
pages={607-615},
year={2014},
month={Dec}
}

@article{G2016,
title={A comparison of data privacy regulations: the EU and the US},
author={Grimaila, M. R.},
journal={Journal of International Commerce, Economics and Policy},
volume={7},
number={3},
pages={1-27},
year={2016}
}

@article{Kokkonen2018,
title={Data privacy and security in cloud computing: a review of the state-of-the-art},
author={Kokkonen, E. and Porras, A.},
journal={Computer Science Review},
volume={28},
pages={21-38},
year={2018},
month={Oct}
}

@Online{webrtc-standard,
title = {{WebRTC: Real-Time Communications between Browsers}},
author = {{Internet Engineering Task Force}},
url = {https://tools.ietf.org/html/draft-ietf-rtcweb-overview-26},
year = {2021},
note = {Work in Progress},
}

@misc{webassembly,
author = "WebAssembly Community Group",
title = "{WebAssembly}",
url = "https://webassembly.org/",
year = "2017"
}

@misc{DIDs,
title={Decentralized Identifiers (DIDs)},
url={https://w3c.github.io/did-core/},
note={Accessed: 2023-02-05}
}

@online{Ethereum,
  title={A Next-Generation Smart Contract and Decentralized Application Platform},
  author={Gavin Wood},
  url={https://ethereum.org/greedy},
  year={2014}
}

@online{Bitcoin,
  title={Bitcoin: A Peer-to-Peer Electronic Cash System},
  author={Satoshi Nakamoto},
  url={https://bitcoin.org/bitcoin.pdf},
  year={2008}
}

@online{Solana,
  title={Solana: A High-Performance Blockchain for Decentralized Applications},
  author={Solana Team},
  url={https://solana.com/solana-whitepaper.pdf},
  year={2018}
}

@misc{Chord,
  author = {I. Stoica, R. Morris, D. Karger, M. F. Kaashoek, and H. Balakrishnan},
  title = {Chord: A Scalable Peer-to-Peer Lookup Service for Internet Applications},
  year = {2001},
  howpublished = {\url{https://dl.acm.org/doi/10.1145/383059.383071}}
}

}

@misc{ElGamalEncryption,
  author = {T. ElGamal},
  title = {A Public-Key Cryptosystem and a Signature Scheme Based on Discrete Logarithms},
  year = {1985},
  howpublished = {\url{https://ieeexplore.org/abstract/4726576}}
}

@misc{ssss,
  author = {A. Shamir},
  title = {How to Share a Secret},
  year = {1979},
  howpublished = {\url{https://link.springer.com/article/10.1007/BF00185039}}
}

@misc{zkp,
  author = {S. Goldwasser, S. Micali, and C. Rackoff},
  title = {The Knowledge Complexity of Interactive Proof Systems},
  year = {1989},
  howpublished = {\url{https://dl.acm.org/doi/10.1145/74242.74243}}
}

@misc{amp,
  author = {D. Chaum and J. van Antwerpen},
  title = {The Author-Merlin Protocol},
  year = {1990},
  howpublished = {\url{https://link.springer.com/article/10.1007/BF02577056}}
}


@article{TorNetwork,
    title={Tor: The Second-Generation Onion Router},
    author={Roger Dingledine, Nick Mathewson, and Paul Syverson},
    journal={ACM Transactions on Computer Systems},
    year={2004},
    volume={22},
    number={3},
    pages={303-327}
}

@article{NymNetwork,
    title={Nym: A Decentralized Mix Network},
    author={Nym Development Team},
    journal={Journal of Privacy and Security},
    year={2021},
    volume={6},
    number={2},
    pages={135-144}
}

@article{Edonkey,
    title={Edonkey: A Decentralized File Sharing System},
    author={Edonkey Development Team},
    journal={International Journal of Distributed Systems},
    year={2003},
    volume={5},
    number={4},
    pages={280-290}
}

@article{Ethereum,
    title={A Next-Generation Smart Contract and Decentralized Application Platform},
    author={Gavin Wood and the Ethereum Team},
    journal={International Journal of Blockchain and Cryptocurrency},
    year={2014},
    volume={1},
    number={1},
    pages={50-60}
}

@article{IPFS,
    title={InterPlanetary File System: A P2P File System for the Next Web},
    author={Juan Benet},
    journal={Proceedings of the 24th International Conference on World Wide Web},
    year={2015},
    pages={1149-1160}
}

@article{Libp2p,
    title={Libp2p: A Modular Network Stack for P2P Systems},
    author={J. R. Etheridge, M. Castro, and I. Stoica},
    journal={USENIX Association Conference on Networked Systems Design and Implementation},
    year={2017},
    volume={14},
    pages={1-15}
}

@article{Kademlia,
    title={Kademlia: A Peer-to-Peer Information System Based on the XOR Metric},
    author={Petar Maymounkov and David Mazi√®res},
    journal={International Workshop on Peer-to-Peer Systems},
    year={2002},
    pages={53-65}
}

@book{DHTs,
  author = {Ian Foster and Carl Kesselman},
  title = {The Grid: Blueprint for a New Computing Infrastructure},
  publisher = {Morgan Kaufmann Publishers Inc.},
  year = {2004},
  address = {San Francisco, CA, USA},
  edition = {2},
  isbn = {978-1-55860-745-1}
}

@misc{ENR,
  author = {},
  title = {Ethereum Node Records (ENRs)},
  year = {2021},
  howpublished = {\url{https://eips.ethereum.org/EIPS/eip-778}},
  note = {Accessed: 2023-02-05}
}

@book{TCP_IP,
  author = {W. Richard Stevens and Gary R. Wright},
  title = {TCP/IP Illustrated, Volume 1: The Protocols},
  publisher = {Addison-Wesley Professional},
  year = {1994},
  address = {Reading, MA, USA},
  isbn = {978-0-201-63346-9}
}

@article{Actor_Model,
  author = {Carl Hewitt},
  title = {A Universal Modular Actor Formalism for Artificial Intelligence},
  journal = {IEEE Transactions on Systems, Man, and Cybernetics},
  volume = {3},
  number = {1},
  pages = {70-80},
  year = {1973},
  doi = {10.1109/TSMC.1973.5409870}
}

@misc{eth-atomic-swap,
  author = {Confio},
  title = {eth-atomic-swap},
  year = {2021},
  publisher = {GitHub},
  journal = {GitHub repository},
  howpublished = {\url{https://github.com/confio/eth-atomic-swap}},
  commit = {7f4dc5e5b5f3c58daa6f84d096485f6c9a6aa57a}
}

@article{dns,
  author    = {P. Mockapetris},
  title     = {A Name Service for the Internet},
  booktitle = {Proceedings of the ACM SIGCOMM Conference},
  pages     = {39-49},
  year      = {1983}
}


@misc{W3C-DID-Core,
  author    = {W3C},
  title     = {Decentralized Identifiers (DIDs) v1.0},
  howpublished = {\url{https://w3c.github.io/did-core/}},
  year      = {2021}
}

@misc{W3C-DID-Use-Cases,
  author    = {W3C},
  title     = {Decentralized Identifiers (DIDs) Use Cases and Requirements v1.0},
  howpublished = {\url{https://w3c.github.io/did-use-cases/}},
  year      = {2021}
}

@misc{W3C-DID-Test-Suite,
  author    = {W3C},
  title     = {Decentralized Identifiers (DIDs) Test Suite v1.0},
  howpublished = {\url{https://w3c.github.io/did-test-suite/}},
  year      = {2021}
}

@article{game_theory,
  title={The Theory of Games and Economic Behavior},
  author={von Neumann, J. and Morgenstern, O.},
  journal={Princeton University Press},
  year={1944}
}

@inproceedings{bloom_filter,
  title={Space/Time Trade-Offs in Hash Coding with Allowable Errors},
  author={Bloom, B. H.},
  booktitle={Communications of the ACM},
  volume={13},
  number={7},
  pages={422--426},
  year={1970}
}

@article{time,
  title={Time, Clocks, and the Ordering of Events in a Distributed System},
  author={Lamport, Leslie},
  journal={Communications of the ACM},
  volume={21},
  number={7},
  pages={556--565},
  year={1978},
  publisher={ACM}
}
